01REMESSA01COBRANCA       99999009999999      RAZAO SOCIAL                  422BANCO SAFRA    060518                                                                                                                                                                                                                                                                                                   001000001
1029999999999999999999009999999                               123456789                              000 00101123456789 220518  000000629984229999901N0605180000                                                          0100099999999999CLIENTE                                 RUA UM, 123                             BAIRRO      99999999CIDADE         UF                                        001000002
1029999999999999999999009999999                               123456789                              000 00101123456789 220518  000000629984229999901N0605180000                                                          0100099999999999CLIENTE                                 RUA UM, 123                             BAIRRO      99999999CIDADE         UF                                        001000003
9                                                                                                                                                                                                                                                                                                                                                                                                      001000004
